% Encoding: UTF-8

@Misc{sandler2019mobilenetv2,
  author        = {Mark Sandler and Andrew Howard and Menglong Zhu and Andrey Zhmoginov and Liang-Chieh Chen},
  title         = {MobileNetV2: Inverted Residuals and Linear Bottlenecks},
  year          = {2019},
  archiveprefix = {arXiv},
  eprint        = {1801.04381},
  primaryclass  = {cs.CV},
}

@Misc{residuals_and_bottleneck,
  author       = {towardsdatascience},
  title        = {mobilenetv2-inverted-residuals-and-linear-bottlenecks},
  howpublished = {https://towardsdatascience.com/mobilenetv2-inverted-residuals-and-linear-bottlenecks-8a4362f4ffd5},
}

@Misc{seperable_convolution,
  author       = {towardsdatascience},
  title        = {a-basic-introduction-to-separable-convolutions},
  howpublished = {https://towardsdatascience.com/a-basic-introduction-to-separable-convolutions-b99ec3102728},
}

@Book{digi_bv,
  title     = {Digitale Bildverarbeitung},
  publisher = {Springer-Verlag Berlin Heidelberg},
  year      = {2015},
  author    = {Burger W., Burge M.},
}

@Misc{skript_maier,
  author	= {Prof. Dr. rer. nat. Dieter Maier},
  title		= {Lecture in Computer & Robot-Vision},
  year		= {2021},
}

@Comment{jabref-meta: databaseType:bibtex;}
